<record><leader>01234cam a2200337Ia 4500</leader><controlfield tag="001">000902391</controlfield><controlfield tag="003">MiAaHDL</controlfield><controlfield tag="005">20111212000000.0</controlfield><controlfield tag="006">m        d        </controlfield><controlfield tag="007">cr bn ---auaua</controlfield><controlfield tag="008">880510m1988    gw            000 0 ger d</controlfield><datafield tag="020" ind1=" " ind2=" "><subfield code="a">3518400657 (bound : Bd. 5)</subfield></datafield><datafield tag="020" ind1=" " ind2=" "><subfield code="a">3518400053 (pbk. : Bd. 5)</subfield></datafield><datafield tag="020" ind1=" " ind2=" "><subfield code="a">3518400622 (bound : Bd. 2)</subfield></datafield><datafield tag="020" ind1=" " ind2=" "><subfield code="a">3518400029 (pbk. : Bd. 2)</subfield></datafield><datafield tag="035" ind1=" " ind2=" "><subfield code="a">sdr-ucsc.b11081466</subfield></datafield><datafield tag="035" ind1=" " ind2=" "><subfield code="a">sdr-wu1258760</subfield></datafield><datafield tag="035" ind1=" " ind2=" "><subfield code="a">sdr-uva.u1260685</subfield></datafield><datafield tag="035" ind1=" " ind2=" "><subfield code="a">sdr-inu2887</subfield></datafield><datafield tag="035" ind1=" " ind2=" "><subfield code="a">sdr-miu.990009023910106381</subfield></datafield><datafield tag="040" ind1=" " ind2=" "><subfield code="a">FUG</subfield><subfield code="c">FUG</subfield><subfield code="d">CU-SC</subfield></datafield><datafield tag="090" ind1=" " ind2=" "><subfield code="a">PT2603.R397 1988</subfield></datafield><datafield tag="035" ind1=" " ind2=" "><subfield code="a">(OCoLC)17932937</subfield></datafield><datafield tag="100" ind1="1" ind2=" "><subfield code="a">Brecht, Bertolt,</subfield><subfield code="d">1898-1956.</subfield></datafield><datafield tag="240" ind1="1" ind2="0"><subfield code="a">Works.</subfield><subfield code="f">1988</subfield></datafield><datafield tag="245" ind1="1" ind2="0"><subfield code="a">Werke /</subfield><subfield code="c">Bertolt Brecht ; grosse kommentierte Berliner und Frankfurter Ausgabe ; herausgegeben von Werner Hecht ... [et al.].</subfield></datafield><datafield tag="250" ind1=" " ind2=" "><subfield code="a">1. Aufl.</subfield></datafield><datafield tag="260" ind1=" " ind2=" "><subfield code="a">Berlin ;</subfield><subfield code="a">Weimar :</subfield><subfield code="b">Aufbau-Verlag ;</subfield><subfield code="a">Frankfurt am Main :</subfield><subfield code="b">Suhrkamp Verlag,</subfield><subfield code="c">1988-</subfield></datafield><datafield tag="300" ind1=" " ind2=" "><subfield code="a">v. ;</subfield><subfield code="c">21 cm.</subfield></datafield><datafield tag="538" ind1=" " ind2=" "><subfield code="a">Mode of access: Internet.</subfield></datafield><datafield tag="600" ind1="1" ind2="0"><subfield code="a">Brecht, Bertolt,</subfield><subfield code="d">1898-1956</subfield><subfield code="x">Criticism and interpretation</subfield></datafield><datafield tag="700" ind1="1" ind2="0"><subfield code="a">Hecht, Werner,</subfield><subfield code="d">1926-</subfield></datafield><datafield tag="CID" ind1=" " ind2=" "><subfield code="a">000902391</subfield></datafield><datafield tag="DAT" ind1="0" ind2=" "><subfield code="b">20111212000000.0</subfield></datafield><datafield tag="DAT" ind1="1" ind2=" "><subfield code="a">20120815100043.0</subfield><subfield code="b">2020-06-23T18:14:09Z</subfield></datafield><datafield tag="CAT" ind1=" " ind2=" "><subfield code="a">SDR-UCSC</subfield><subfield code="d">III - MILLENIUM</subfield><subfield code="l">loader.pl-001-001</subfield></datafield><datafield tag="FMT" ind1=" " ind2=" "><subfield code="a">BK</subfield></datafield><datafield tag="HOL" ind1=" " ind2=" "><subfield code="0">sdr-ucsc.b11081466</subfield><subfield code="a">uc1</subfield><subfield code="b">SDR</subfield><subfield code="c">UCSC</subfield><subfield code="p">uc1.32106017341790</subfield><subfield code="s">UC</subfield><subfield code="z">v.1</subfield><subfield code="1">.b11081466</subfield></datafield><datafield tag="974" ind1=" " ind2=" "><subfield code="b">UC</subfield><subfield code="c">UCSC</subfield><subfield code="d">20200623</subfield><subfield code="s">google</subfield><subfield code="u">uc1.32106017341790</subfield><subfield code="z">v.1</subfield><subfield code="y">1988</subfield><subfield code="r">ic</subfield><subfield code="q">bib</subfield><subfield code="t">non-US bib date1, date type m &gt;= 1927</subfield></datafield><datafield tag="974" ind1=" " ind2=" "><subfield code="b">UC</subfield><subfield code="c">UCSC</subfield><subfield code="d">20201029</subfield><subfield code="s">google</subfield><subfield code="u">uc1.32106011855548</subfield><subfield code="z">v.2</subfield><subfield code="y">1988</subfield><subfield code="r">ic</subfield><subfield code="q">bib</subfield><subfield code="t">non-US bib date1, date type m &gt;= 1927</subfield></datafield><datafield tag="974" ind1=" " ind2=" "><subfield code="b">UC</subfield><subfield code="c">UCSC</subfield><subfield code="d">20200623</subfield><subfield code="s">google</subfield><subfield code="u">uc1.32106009631927</subfield><subfield code="z">v.4</subfield><subfield code="y">1988</subfield><subfield code="r">ic</subfield><subfield code="q">bib</subfield><subfield code="t">non-US bib date1, date type m &gt;= 1927</subfield></datafield><datafield tag="974" ind1=" " ind2=" "><subfield code="b">UC</subfield><subfield code="c">UCSC</subfield><subfield code="d">20200623</subfield><subfield code="s">google</subfield><subfield code="u">uc1.32106010077169</subfield><subfield code="z">v.5</subfield><subfield code="y">1988</subfield><subfield code="r">ic</subfield><subfield code="q">bib</subfield><subfield code="t">non-US bib date1, date type m &gt;= 1927</subfield></datafield><datafield tag="974" ind1=" " ind2=" "><subfield code="b">UC</subfield><subfield code="c">UCSC</subfield><subfield code="d">20200623</subfield><subfield code="s">google</subfield><subfield code="u">uc1.32106017341899</subfield><subfield code="z">v.6</subfield><subfield code="y">1988</subfield><subfield code="r">ic</subfield><subfield code="q">bib</subfield><subfield code="t">non-US bib date1, date type m &gt;= 1927</subfield></datafield><datafield tag="974" ind1=" " ind2=" "><subfield code="b">UC</subfield><subfield code="c">UCSC</subfield><subfield code="d">20200623</subfield><subfield code="s">google</subfield><subfield code="u">uc1.32106017341881</subfield><subfield code="z">v.7</subfield><subfield code="y">1988</subfield><subfield code="r">ic</subfield><subfield code="q">bib</subfield><subfield code="t">non-US bib date1, date type m &gt;= 1927</subfield></datafield><datafield tag="974" ind1=" " ind2=" "><subfield code="b">UC</subfield><subfield code="c">UCSC</subfield><subfield code="d">20200623</subfield><subfield code="s">google</subfield><subfield code="u">uc1.32106014715467</subfield><subfield code="z">v.8</subfield><subfield code="y">1988</subfield><subfield code="r">ic</subfield><subfield code="q">bib</subfield><subfield code="t">non-US bib date1, date type m &gt;= 1927</subfield></datafield><datafield tag="974" ind1=" " ind2=" "><subfield code="b">UC</subfield><subfield code="c">UCSC</subfield><subfield code="d">20200623</subfield><subfield code="s">google</subfield><subfield code="u">uc1.32106017341816</subfield><subfield code="z">v.9</subfield><subfield code="y">1988</subfield><subfield code="r">ic</subfield><subfield code="q">bib</subfield><subfield code="t">non-US bib date1, date type m &gt;= 1927</subfield></datafield><datafield tag="974" ind1=" " ind2=" "><subfield code="b">UC</subfield><subfield code="c">UCSC</subfield><subfield code="d">20200623</subfield><subfield code="s">google</subfield><subfield code="u">uc1.32106013302887</subfield><subfield code="z">v.10:1</subfield><subfield code="y">1988</subfield><subfield code="r">ic</subfield><subfield code="q">bib</subfield><subfield code="t">non-US bib date1, date type m &gt;= 1927</subfield></datafield><datafield tag="974" ind1=" " ind2=" "><subfield code="b">UC</subfield><subfield code="c">UCSC</subfield><subfield code="d">20200623</subfield><subfield code="s">google</subfield><subfield code="u">uc1.32106013302879</subfield><subfield code="z">v.10:2</subfield><subfield code="y">1988</subfield><subfield code="r">ic</subfield><subfield code="q">bib</subfield><subfield code="t">non-US bib date1, date type m &gt;= 1927</subfield></datafield><datafield tag="974" ind1=" " ind2=" "><subfield code="b">UC</subfield><subfield code="c">UCSC</subfield><subfield code="d">20190115</subfield><subfield code="s">google</subfield><subfield code="u">uc1.32106014327594</subfield><subfield code="z">v.11</subfield><subfield code="y">1988</subfield><subfield code="r">ic</subfield><subfield code="q">bib</subfield><subfield code="t">non-US bib date1, date type m &gt;= 1927</subfield></datafield><datafield tag="974" ind1=" " ind2=" "><subfield code="b">UC</subfield><subfield code="c">UCSC</subfield><subfield code="d">20190115</subfield><subfield code="s">google</subfield><subfield code="u">uc1.32106014327586</subfield><subfield code="z">v.12</subfield><subfield code="y">1988</subfield><subfield code="r">ic</subfield><subfield code="q">bib</subfield><subfield code="t">non-US bib date1, date type m &gt;= 1927</subfield></datafield><datafield tag="974" ind1=" " ind2=" "><subfield code="b">UC</subfield><subfield code="c">UCSC</subfield><subfield code="d">20200623</subfield><subfield code="s">google</subfield><subfield code="u">uc1.32106017341873</subfield><subfield code="z">v.13</subfield><subfield code="y">1988</subfield><subfield code="r">ic</subfield><subfield code="q">bib</subfield><subfield code="t">non-US bib date1, date type m &gt;= 1927</subfield></datafield><datafield tag="974" ind1=" " ind2=" "><subfield code="b">UC</subfield><subfield code="c">UCSC</subfield><subfield code="d">20190726</subfield><subfield code="s">google</subfield><subfield code="u">uc1.32106017341824</subfield><subfield code="z">v.14</subfield><subfield code="y">1988</subfield><subfield code="r">ic</subfield><subfield code="q">bib</subfield><subfield code="t">non-US bib date1, date type m &gt;= 1927</subfield></datafield><datafield tag="974" ind1=" " ind2=" "><subfield code="b">UC</subfield><subfield code="c">UCSC</subfield><subfield code="d">20190118</subfield><subfield code="s">google</subfield><subfield code="u">uc1.32106017341832</subfield><subfield code="z">v.15</subfield><subfield code="y">1988</subfield><subfield code="r">ic</subfield><subfield code="q">bib</subfield><subfield code="t">non-US bib date1, date type m &gt;= 1927</subfield></datafield><datafield tag="974" ind1=" " ind2=" "><subfield code="b">UC</subfield><subfield code="c">UCSC</subfield><subfield code="d">20200623</subfield><subfield code="s">google</subfield><subfield code="u">uc1.32106017341840</subfield><subfield code="z">v.16</subfield><subfield code="y">1988</subfield><subfield code="r">ic</subfield><subfield code="q">bib</subfield><subfield code="t">non-US bib date1, date type m &gt;= 1927</subfield></datafield><datafield tag="974" ind1=" " ind2=" "><subfield code="b">UC</subfield><subfield code="c">UCSC</subfield><subfield code="d">20200625</subfield><subfield code="s">google</subfield><subfield code="u">uc1.32106017341865</subfield><subfield code="z">v.17</subfield><subfield code="y">1988</subfield><subfield code="r">ic</subfield><subfield code="q">bib</subfield><subfield code="t">non-US bib date1, date type m &gt;= 1927</subfield></datafield><datafield tag="974" ind1=" " ind2=" "><subfield code="b">UC</subfield><subfield code="c">UCSC</subfield><subfield code="d">20200625</subfield><subfield code="s">google</subfield><subfield code="u">uc1.32106011101208</subfield><subfield code="z">v.18</subfield><subfield code="y">1988</subfield><subfield code="r">ic</subfield><subfield code="q">bib</subfield><subfield code="t">non-US bib date1, date type m &gt;= 1927</subfield></datafield><datafield tag="974" ind1=" " ind2=" "><subfield code="b">UC</subfield><subfield code="c">UCSC</subfield><subfield code="d">20200623</subfield><subfield code="s">google</subfield><subfield code="u">uc1.32106014790387</subfield><subfield code="z">v.19</subfield><subfield code="y">1988</subfield><subfield code="r">ic</subfield><subfield code="q">bib</subfield><subfield code="t">non-US bib date1, date type m &gt;= 1927</subfield></datafield><datafield tag="974" ind1=" " ind2=" "><subfield code="b">UC</subfield><subfield code="c">UCSC</subfield><subfield code="d">20190116</subfield><subfield code="s">google</subfield><subfield code="u">uc1.32106014790379</subfield><subfield code="z">v.20</subfield><subfield code="y">1988</subfield><subfield code="r">ic</subfield><subfield code="q">bib</subfield><subfield code="t">non-US bib date1, date type m &gt;= 1927</subfield></datafield><datafield tag="974" ind1=" " ind2=" "><subfield code="b">UC</subfield><subfield code="c">UCSC</subfield><subfield code="d">20200623</subfield><subfield code="s">google</subfield><subfield code="u">uc1.32106008679208</subfield><subfield code="z">v.21</subfield><subfield code="y">1988</subfield><subfield code="r">ic</subfield><subfield code="q">bib</subfield><subfield code="t">non-US bib date1, date type m &gt;= 1927</subfield></datafield><datafield tag="974" ind1=" " ind2=" "><subfield code="b">UC</subfield><subfield code="c">UCSC</subfield><subfield code="d">20200625</subfield><subfield code="s">google</subfield><subfield code="u">uc1.32106020045057</subfield><subfield code="z">v.22:1</subfield><subfield code="y">1988</subfield><subfield code="r">ic</subfield><subfield code="q">bib</subfield><subfield code="t">non-US bib date1, date type m &gt;= 1927</subfield></datafield><datafield tag="974" ind1=" " ind2=" "><subfield code="b">UC</subfield><subfield code="c">UCSC</subfield><subfield code="d">20200624</subfield><subfield code="s">google</subfield><subfield code="u">uc1.32106020045065</subfield><subfield code="z">v.22:2</subfield><subfield code="y">1988</subfield><subfield code="r">ic</subfield><subfield code="q">bib</subfield><subfield code="t">non-US bib date1, date type m &gt;= 1927</subfield></datafield><datafield tag="974" ind1=" " ind2=" "><subfield code="b">UC</subfield><subfield code="c">UCSC</subfield><subfield code="d">20200625</subfield><subfield code="s">google</subfield><subfield code="u">uc1.32106020045073</subfield><subfield code="z">v.23</subfield><subfield code="y">1988</subfield><subfield code="r">ic</subfield><subfield code="q">bib</subfield><subfield code="t">non-US bib date1, date type m &gt;= 1927</subfield></datafield><datafield tag="974" ind1=" " ind2=" "><subfield code="b">UC</subfield><subfield code="c">UCSC</subfield><subfield code="d">20200623</subfield><subfield code="s">google</subfield><subfield code="u">uc1.32106020045081</subfield><subfield code="z">v.24</subfield><subfield code="y">1988</subfield><subfield code="r">ic</subfield><subfield code="q">bib</subfield><subfield code="t">non-US bib date1, date type m &gt;= 1927</subfield></datafield><datafield tag="974" ind1=" " ind2=" "><subfield code="b">UC</subfield><subfield code="c">UCSC</subfield><subfield code="d">20190115</subfield><subfield code="s">google</subfield><subfield code="u">uc1.32106014715459</subfield><subfield code="z">v.25</subfield><subfield code="y">1988</subfield><subfield code="r">ic</subfield><subfield code="q">bib</subfield><subfield code="t">non-US bib date1, date type m &gt;= 1927</subfield></datafield><datafield tag="974" ind1=" " ind2=" "><subfield code="b">UC</subfield><subfield code="c">UCSC</subfield><subfield code="d">20200623</subfield><subfield code="s">google</subfield><subfield code="u">uc1.32106011905780</subfield><subfield code="z">v.26</subfield><subfield code="y">1988</subfield><subfield code="r">ic</subfield><subfield code="q">bib</subfield><subfield code="t">non-US bib date1, date type m &gt;= 1927</subfield></datafield><datafield tag="974" ind1=" " ind2=" "><subfield code="b">UC</subfield><subfield code="c">UCSC</subfield><subfield code="d">20200623</subfield><subfield code="s">google</subfield><subfield code="u">uc1.32106012231376</subfield><subfield code="z">v.27</subfield><subfield code="y">1988</subfield><subfield code="r">ic</subfield><subfield code="q">bib</subfield><subfield code="t">non-US bib date1, date type m &gt;= 1927</subfield></datafield><datafield tag="974" ind1=" " ind2=" "><subfield code="b">UC</subfield><subfield code="c">UCSC</subfield><subfield code="d">20200623</subfield><subfield code="s">google</subfield><subfield code="u">uc1.32106012921208</subfield><subfield code="z">v.28</subfield><subfield code="y">1988</subfield><subfield code="r">ic</subfield><subfield code="q">bib</subfield><subfield code="t">non-US bib date1, date type m &gt;= 1927</subfield></datafield><datafield tag="974" ind1=" " ind2=" "><subfield code="b">UC</subfield><subfield code="c">UCSC</subfield><subfield code="d">20200625</subfield><subfield code="s">google</subfield><subfield code="u">uc1.32106012921216</subfield><subfield code="z">v.29</subfield><subfield code="y">1988</subfield><subfield code="r">ic</subfield><subfield code="q">bib</subfield><subfield code="t">non-US bib date1, date type m &gt;= 1927</subfield></datafield><datafield tag="974" ind1=" " ind2=" "><subfield code="b">UC</subfield><subfield code="c">UCSC</subfield><subfield code="d">20200625</subfield><subfield code="s">google</subfield><subfield code="u">uc1.32106012921224</subfield><subfield code="z">v.30</subfield><subfield code="y">1988</subfield><subfield code="r">ic</subfield><subfield code="q">bib</subfield><subfield code="t">non-US bib date1, date type m &gt;= 1927</subfield></datafield><datafield tag="974" ind1=" " ind2=" "><subfield code="b">WU</subfield><subfield code="c">WU</subfield><subfield code="d">20200629</subfield><subfield code="s">google</subfield><subfield code="u">wu.89067234856</subfield><subfield code="z">30</subfield><subfield code="y">1988</subfield><subfield code="r">ic</subfield><subfield code="q">bib</subfield><subfield code="t">non-US bib date1, date type m &gt;= 1927</subfield></datafield><datafield tag="974" ind1=" " ind2=" "><subfield code="b">WU</subfield><subfield code="c">WU</subfield><subfield code="d">20210105</subfield><subfield code="s">google</subfield><subfield code="u">wu.89067234880</subfield><subfield code="z">29</subfield><subfield code="y">1988</subfield><subfield code="r">ic</subfield><subfield code="q">bib</subfield><subfield code="t">non-US bib date1, date type m &gt;= 1927</subfield></datafield><datafield tag="974" ind1=" " ind2=" "><subfield code="b">WU</subfield><subfield code="c">WU</subfield><subfield code="d">20210105</subfield><subfield code="s">google</subfield><subfield code="u">wu.89067234914</subfield><subfield code="z">28</subfield><subfield code="y">1988</subfield><subfield code="r">ic</subfield><subfield code="q">bib</subfield><subfield code="t">non-US bib date1, date type m &gt;= 1927</subfield></datafield><datafield tag="974" ind1=" " ind2=" "><subfield code="b">WU</subfield><subfield code="c">WU</subfield><subfield code="d">20210105</subfield><subfield code="s">google</subfield><subfield code="u">wu.89040622102</subfield><subfield code="z">24</subfield><subfield code="y">1988</subfield><subfield code="r">ic</subfield><subfield code="q">bib</subfield><subfield code="t">non-US bib date1, date type m &gt;= 1927</subfield></datafield><datafield tag="974" ind1=" " ind2=" "><subfield code="b">WU</subfield><subfield code="c">WU</subfield><subfield code="d">20210105</subfield><subfield code="s">google</subfield><subfield code="u">wu.89049702913</subfield><subfield code="z">22:2</subfield><subfield code="y">1988</subfield><subfield code="r">ic</subfield><subfield code="q">bib</subfield><subfield code="t">non-US bib date1, date type m &gt;= 1927</subfield></datafield><datafield tag="974" ind1=" " ind2=" "><subfield code="b">WU</subfield><subfield code="c">WU</subfield><subfield code="d">20210105</subfield><subfield code="s">google</subfield><subfield code="u">wu.89042501387</subfield><subfield code="z">21</subfield><subfield code="y">1988</subfield><subfield code="r">ic</subfield><subfield code="q">bib</subfield><subfield code="t">non-US bib date1, date type m &gt;= 1927</subfield></datafield><datafield tag="974" ind1=" " ind2=" "><subfield code="b">WU</subfield><subfield code="c">WU</subfield><subfield code="d">20210105</subfield><subfield code="s">google</subfield><subfield code="u">wu.89061807962</subfield><subfield code="z">20</subfield><subfield code="y">1988</subfield><subfield code="r">ic</subfield><subfield code="q">bib</subfield><subfield code="t">non-US bib date1, date type m &gt;= 1927</subfield></datafield><datafield tag="974" ind1=" " ind2=" "><subfield code="b">WU</subfield><subfield code="c">WU</subfield><subfield code="d">20210105</subfield><subfield code="s">google</subfield><subfield code="u">wu.89061807996</subfield><subfield code="z">19</subfield><subfield code="y">1988</subfield><subfield code="r">ic</subfield><subfield code="q">bib</subfield><subfield code="t">non-US bib date1, date type m &gt;= 1927</subfield></datafield><datafield tag="974" ind1=" " ind2=" "><subfield code="b">WU</subfield><subfield code="c">WU</subfield><subfield code="d">20210105</subfield><subfield code="s">google</subfield><subfield code="u">wu.89055116073</subfield><subfield code="z">18</subfield><subfield code="y">1988</subfield><subfield code="r">ic</subfield><subfield code="q">bib</subfield><subfield code="t">non-US bib date1, date type m &gt;= 1927</subfield></datafield><datafield tag="974" ind1=" " ind2=" "><subfield code="b">WU</subfield><subfield code="c">WU</subfield><subfield code="d">20210105</subfield><subfield code="s">google</subfield><subfield code="u">wu.89017759606</subfield><subfield code="z">17</subfield><subfield code="y">1988</subfield><subfield code="r">ic</subfield><subfield code="q">bib</subfield><subfield code="t">non-US bib date1, date type m &gt;= 1927</subfield></datafield><datafield tag="974" ind1=" " ind2=" "><subfield code="b">WU</subfield><subfield code="c">WU</subfield><subfield code="d">20210106</subfield><subfield code="s">google</subfield><subfield code="u">wu.89031682602</subfield><subfield code="z">16</subfield><subfield code="y">1988</subfield><subfield code="r">ic</subfield><subfield code="q">bib</subfield><subfield code="t">non-US bib date1, date type m &gt;= 1927</subfield></datafield><datafield tag="974" ind1=" " ind2=" "><subfield code="b">WU</subfield><subfield code="c">WU</subfield><subfield code="d">20210105</subfield><subfield code="s">google</subfield><subfield code="u">wu.89046706826</subfield><subfield code="z">15</subfield><subfield code="y">1988</subfield><subfield code="r">ic</subfield><subfield code="q">bib</subfield><subfield code="t">non-US bib date1, date type m &gt;= 1927</subfield></datafield><datafield tag="974" ind1=" " ind2=" "><subfield code="b">WU</subfield><subfield code="c">WU</subfield><subfield code="d">20210105</subfield><subfield code="s">google</subfield><subfield code="u">wu.89046706842</subfield><subfield code="z">14</subfield><subfield code="y">1988</subfield><subfield code="r">ic</subfield><subfield code="q">bib</subfield><subfield code="t">non-US bib date1, date type m &gt;= 1927</subfield></datafield><datafield tag="974" ind1=" " ind2=" "><subfield code="b">WU</subfield><subfield code="c">WU</subfield><subfield code="d">20211115</subfield><subfield code="s">google</subfield><subfield code="u">wu.89046706867</subfield><subfield code="z">13</subfield><subfield code="y">1988</subfield><subfield code="r">ic</subfield><subfield code="q">bib</subfield><subfield code="t">non-US bib date1, date type m &gt;= 1927</subfield></datafield><datafield tag="974" ind1=" " ind2=" "><subfield code="b">WU</subfield><subfield code="c">WU</subfield><subfield code="d">20200504</subfield><subfield code="s">google</subfield><subfield code="u">wu.89015482227</subfield><subfield code="z">11</subfield><subfield code="y">1988</subfield><subfield code="r">ic</subfield><subfield code="q">bib</subfield><subfield code="t">non-US bib date1, date type m &gt;= 1927</subfield></datafield><datafield tag="974" ind1=" " ind2=" "><subfield code="b">WU</subfield><subfield code="c">WU</subfield><subfield code="d">20200629</subfield><subfield code="s">google</subfield><subfield code="u">wu.89059133918</subfield><subfield code="z">10:2</subfield><subfield code="y">1988</subfield><subfield code="r">ic</subfield><subfield code="q">bib</subfield><subfield code="t">non-US bib date1, date type m &gt;= 1927</subfield></datafield><datafield tag="974" ind1=" " ind2=" "><subfield code="b">WU</subfield><subfield code="c">WU</subfield><subfield code="d">20210105</subfield><subfield code="s">google</subfield><subfield code="u">wu.89059133447</subfield><subfield code="z">10:1</subfield><subfield code="y">1988</subfield><subfield code="r">ic</subfield><subfield code="q">bib</subfield><subfield code="t">non-US bib date1, date type m &gt;= 1927</subfield></datafield><datafield tag="974" ind1=" " ind2=" "><subfield code="b">WU</subfield><subfield code="c">WU</subfield><subfield code="d">20210106</subfield><subfield code="s">google</subfield><subfield code="u">wu.89042390757</subfield><subfield code="z">9</subfield><subfield code="y">1988</subfield><subfield code="r">ic</subfield><subfield code="q">bib</subfield><subfield code="t">non-US bib date1, date type m &gt;= 1927</subfield></datafield><datafield tag="974" ind1=" " ind2=" "><subfield code="b">WU</subfield><subfield code="c">WU</subfield><subfield code="d">20200629</subfield><subfield code="s">google</subfield><subfield code="u">wu.89040804023</subfield><subfield code="z">8</subfield><subfield code="y">1988</subfield><subfield code="r">ic</subfield><subfield code="q">bib</subfield><subfield code="t">non-US bib date1, date type m &gt;= 1927</subfield></datafield><datafield tag="974" ind1=" " ind2=" "><subfield code="b">WU</subfield><subfield code="c">WU</subfield><subfield code="d">20200629</subfield><subfield code="s">google</subfield><subfield code="u">wu.89034561233</subfield><subfield code="z">7</subfield><subfield code="y">1988</subfield><subfield code="r">ic</subfield><subfield code="q">bib</subfield><subfield code="t">non-US bib date1, date type m &gt;= 1927</subfield></datafield><datafield tag="974" ind1=" " ind2=" "><subfield code="b">WU</subfield><subfield code="c">WU</subfield><subfield code="d">20200629</subfield><subfield code="s">google</subfield><subfield code="u">wu.89017759598</subfield><subfield code="z">6</subfield><subfield code="y">1988</subfield><subfield code="r">ic</subfield><subfield code="q">bib</subfield><subfield code="t">non-US bib date1, date type m &gt;= 1927</subfield></datafield><datafield tag="974" ind1=" " ind2=" "><subfield code="b">WU</subfield><subfield code="c">WU</subfield><subfield code="d">20200504</subfield><subfield code="s">google</subfield><subfield code="u">wu.89015482219</subfield><subfield code="z">5</subfield><subfield code="y">1988</subfield><subfield code="r">ic</subfield><subfield code="q">bib</subfield><subfield code="t">non-US bib date1, date type m &gt;= 1927</subfield></datafield><datafield tag="974" ind1=" " ind2=" "><subfield code="b">WU</subfield><subfield code="c">WU</subfield><subfield code="d">20210106</subfield><subfield code="s">google</subfield><subfield code="u">wu.89015790637</subfield><subfield code="z">4</subfield><subfield code="y">1988</subfield><subfield code="r">ic</subfield><subfield code="q">bib</subfield><subfield code="t">non-US bib date1, date type m &gt;= 1927</subfield></datafield><datafield tag="974" ind1=" " ind2=" "><subfield code="b">WU</subfield><subfield code="c">WU</subfield><subfield code="d">20200504</subfield><subfield code="s">google</subfield><subfield code="u">wu.89016067704</subfield><subfield code="z">3</subfield><subfield code="y">1988</subfield><subfield code="r">ic</subfield><subfield code="q">bib</subfield><subfield code="t">non-US bib date1, date type m &gt;= 1927</subfield></datafield><datafield tag="974" ind1=" " ind2=" "><subfield code="b">WU</subfield><subfield code="c">WU</subfield><subfield code="d">20210105</subfield><subfield code="s">google</subfield><subfield code="u">wu.89015482201</subfield><subfield code="z">2</subfield><subfield code="y">1988</subfield><subfield code="r">ic</subfield><subfield code="q">bib</subfield><subfield code="t">non-US bib date1, date type m &gt;= 1927</subfield></datafield><datafield tag="974" ind1=" " ind2=" "><subfield code="b">WU</subfield><subfield code="c">WU</subfield><subfield code="d">20200629</subfield><subfield code="s">google</subfield><subfield code="u">wu.89050423433</subfield><subfield code="z">1</subfield><subfield code="y">1988</subfield><subfield code="r">ic</subfield><subfield code="q">bib</subfield><subfield code="t">non-US bib date1, date type m &gt;= 1927</subfield></datafield><datafield tag="974" ind1=" " ind2=" "><subfield code="b">UVA</subfield><subfield code="c">UVA</subfield><subfield code="d">20201223</subfield><subfield code="s">google</subfield><subfield code="u">uva.x004050865</subfield><subfield code="z">Bd.30</subfield><subfield code="y">1988</subfield><subfield code="r">ic</subfield><subfield code="q">bib</subfield><subfield code="t">non-US bib date1, date type m &gt;= 1927</subfield></datafield><datafield tag="974" ind1=" " ind2=" "><subfield code="b">UVA</subfield><subfield code="c">UVA</subfield><subfield code="d">20201223</subfield><subfield code="s">google</subfield><subfield code="u">uva.x004050864</subfield><subfield code="z">Bd.29</subfield><subfield code="y">1988</subfield><subfield code="r">ic</subfield><subfield code="q">bib</subfield><subfield code="t">non-US bib date1, date type m &gt;= 1927</subfield></datafield><datafield tag="974" ind1=" " ind2=" "><subfield code="b">UVA</subfield><subfield code="c">UVA</subfield><subfield code="d">20201223</subfield><subfield code="s">google</subfield><subfield code="u">uva.x004050863</subfield><subfield code="z">Bd.28</subfield><subfield code="y">1988</subfield><subfield code="r">ic</subfield><subfield code="q">bib</subfield><subfield code="t">non-US bib date1, date type m &gt;= 1927</subfield></datafield><datafield tag="974" ind1=" " ind2=" "><subfield code="b">UVA</subfield><subfield code="c">UVA</subfield><subfield code="d">20201223</subfield><subfield code="s">google</subfield><subfield code="u">uva.x004051887</subfield><subfield code="z">Bd.20</subfield><subfield code="y">1988</subfield><subfield code="r">ic</subfield><subfield code="q">bib</subfield><subfield code="t">non-US bib date1, date type m &gt;= 1927</subfield></datafield><datafield tag="974" ind1=" " ind2=" "><subfield code="b">UVA</subfield><subfield code="c">UVA</subfield><subfield code="d">20201223</subfield><subfield code="s">google</subfield><subfield code="u">uva.x004051886</subfield><subfield code="z">Bd.19</subfield><subfield code="y">1988</subfield><subfield code="r">ic</subfield><subfield code="q">bib</subfield><subfield code="t">non-US bib date1, date type m &gt;= 1927</subfield></datafield><datafield tag="974" ind1=" " ind2=" "><subfield code="b">UVA</subfield><subfield code="c">UVA</subfield><subfield code="d">20200629</subfield><subfield code="s">google</subfield><subfield code="u">uva.x004051757</subfield><subfield code="z">T.2</subfield><subfield code="y">1988</subfield><subfield code="r">ic</subfield><subfield code="q">bib</subfield><subfield code="t">non-US bib date1, date type m &gt;= 1927</subfield></datafield><datafield tag="974" ind1=" " ind2=" "><subfield code="b">UVA</subfield><subfield code="c">UVA</subfield><subfield code="d">20201222</subfield><subfield code="s">google</subfield><subfield code="u">uva.x004051758</subfield><subfield code="z">T.1</subfield><subfield code="y">1988</subfield><subfield code="r">ic</subfield><subfield code="q">bib</subfield><subfield code="t">non-US bib date1, date type m &gt;= 1927</subfield></datafield><datafield tag="974" ind1=" " ind2=" "><subfield code="b">UVA</subfield><subfield code="c">UVA</subfield><subfield code="d">20201222</subfield><subfield code="s">google</subfield><subfield code="u">uva.x002654135</subfield><subfield code="z">Bd.27</subfield><subfield code="y">1988</subfield><subfield code="r">ic</subfield><subfield code="q">bib</subfield><subfield code="t">non-US bib date1, date type m &gt;= 1927</subfield></datafield><datafield tag="974" ind1=" " ind2=" "><subfield code="b">UVA</subfield><subfield code="c">UVA</subfield><subfield code="d">20201222</subfield><subfield code="s">google</subfield><subfield code="u">uva.x002593700</subfield><subfield code="z">Bd.18</subfield><subfield code="y">1988</subfield><subfield code="r">ic</subfield><subfield code="q">bib</subfield><subfield code="t">non-US bib date1, date type m &gt;= 1927</subfield></datafield><datafield tag="974" ind1=" " ind2=" "><subfield code="b">UVA</subfield><subfield code="c">UVA</subfield><subfield code="d">20201218</subfield><subfield code="s">google</subfield><subfield code="u">uva.x002182333</subfield><subfield code="z">Bd.26</subfield><subfield code="y">1988</subfield><subfield code="r">ic</subfield><subfield code="q">bib</subfield><subfield code="t">non-US bib date1, date type m &gt;= 1927</subfield></datafield><datafield tag="974" ind1=" " ind2=" "><subfield code="b">UVA</subfield><subfield code="c">UVA</subfield><subfield code="d">20201222</subfield><subfield code="s">google</subfield><subfield code="u">uva.x002237981</subfield><subfield code="z">Bd.15</subfield><subfield code="y">1988</subfield><subfield code="r">ic</subfield><subfield code="q">bib</subfield><subfield code="t">non-US bib date1, date type m &gt;= 1927</subfield></datafield><datafield tag="974" ind1=" " ind2=" "><subfield code="b">UVA</subfield><subfield code="c">UVA</subfield><subfield code="d">20201222</subfield><subfield code="s">google</subfield><subfield code="u">uva.x002237983</subfield><subfield code="z">Bd.14</subfield><subfield code="y">1988</subfield><subfield code="r">ic</subfield><subfield code="q">bib</subfield><subfield code="t">non-US bib date1, date type m &gt;= 1927</subfield></datafield><datafield tag="974" ind1=" " ind2=" "><subfield code="b">UVA</subfield><subfield code="c">UVA</subfield><subfield code="d">20201222</subfield><subfield code="s">google</subfield><subfield code="u">uva.x002237985</subfield><subfield code="z">Bd.13</subfield><subfield code="y">1988</subfield><subfield code="r">ic</subfield><subfield code="q">bib</subfield><subfield code="t">non-US bib date1, date type m &gt;= 1927</subfield></datafield><datafield tag="974" ind1=" " ind2=" "><subfield code="b">UVA</subfield><subfield code="c">UVA</subfield><subfield code="d">20201218</subfield><subfield code="s">google</subfield><subfield code="u">uva.x002180277</subfield><subfield code="z">Bd.8</subfield><subfield code="y">1988</subfield><subfield code="r">ic</subfield><subfield code="q">bib</subfield><subfield code="t">non-US bib date1, date type m &gt;= 1927</subfield></datafield><datafield tag="974" ind1=" " ind2=" "><subfield code="b">UVA</subfield><subfield code="c">UVA</subfield><subfield code="d">20201218</subfield><subfield code="s">google</subfield><subfield code="u">uva.x002166091</subfield><subfield code="z">Bd.9</subfield><subfield code="y">1988</subfield><subfield code="r">ic</subfield><subfield code="q">bib</subfield><subfield code="t">non-US bib date1, date type m &gt;= 1927</subfield></datafield><datafield tag="974" ind1=" " ind2=" "><subfield code="b">UVA</subfield><subfield code="c">UVA</subfield><subfield code="d">20201217</subfield><subfield code="s">google</subfield><subfield code="u">uva.x001683866</subfield><subfield code="z">Bd.16</subfield><subfield code="y">1988</subfield><subfield code="r">ic</subfield><subfield code="q">bib</subfield><subfield code="t">non-US bib date1, date type m &gt;= 1927</subfield></datafield><datafield tag="974" ind1=" " ind2=" "><subfield code="b">UVA</subfield><subfield code="c">UVA</subfield><subfield code="d">20201217</subfield><subfield code="s">google</subfield><subfield code="u">uva.x001683941</subfield><subfield code="z">Bd.6</subfield><subfield code="y">1988</subfield><subfield code="r">ic</subfield><subfield code="q">bib</subfield><subfield code="t">non-US bib date1, date type m &gt;= 1927</subfield></datafield><datafield tag="974" ind1=" " ind2=" "><subfield code="b">UVA</subfield><subfield code="c">UVA</subfield><subfield code="d">20201217</subfield><subfield code="s">google</subfield><subfield code="u">uva.x001683709</subfield><subfield code="z">Bd.17</subfield><subfield code="y">1988</subfield><subfield code="r">ic</subfield><subfield code="q">bib</subfield><subfield code="t">non-US bib date1, date type m &gt;= 1927</subfield></datafield><datafield tag="974" ind1=" " ind2=" "><subfield code="b">UVA</subfield><subfield code="c">UVA</subfield><subfield code="d">20201210</subfield><subfield code="s">google</subfield><subfield code="u">uva.x001297939</subfield><subfield code="z">Bd.2</subfield><subfield code="y">1988</subfield><subfield code="r">ic</subfield><subfield code="q">bib</subfield><subfield code="t">non-US bib date1, date type m &gt;= 1927</subfield></datafield><datafield tag="974" ind1=" " ind2=" "><subfield code="b">UVA</subfield><subfield code="c">UVA</subfield><subfield code="d">20201212</subfield><subfield code="s">google</subfield><subfield code="u">uva.x001506161</subfield><subfield code="z">Bd.12</subfield><subfield code="y">1988</subfield><subfield code="r">ic</subfield><subfield code="q">bib</subfield><subfield code="t">non-US bib date1, date type m &gt;= 1927</subfield></datafield><datafield tag="974" ind1=" " ind2=" "><subfield code="b">UVA</subfield><subfield code="c">UVA</subfield><subfield code="d">20201210</subfield><subfield code="s">google</subfield><subfield code="u">uva.x001297938</subfield><subfield code="z">Bd.5</subfield><subfield code="y">1988</subfield><subfield code="r">ic</subfield><subfield code="q">bib</subfield><subfield code="t">non-US bib date1, date type m &gt;= 1927</subfield></datafield><datafield tag="974" ind1=" " ind2=" "><subfield code="b">UVA</subfield><subfield code="c">UVA</subfield><subfield code="d">20201211</subfield><subfield code="s">google</subfield><subfield code="u">uva.x001396894</subfield><subfield code="z">Bd.4</subfield><subfield code="y">1988</subfield><subfield code="r">ic</subfield><subfield code="q">bib</subfield><subfield code="t">non-US bib date1, date type m &gt;= 1927</subfield></datafield><datafield tag="974" ind1=" " ind2=" "><subfield code="b">UVA</subfield><subfield code="c">UVA</subfield><subfield code="d">20201212</subfield><subfield code="s">google</subfield><subfield code="u">uva.x001488670</subfield><subfield code="z">Bd.3</subfield><subfield code="y">1988</subfield><subfield code="r">ic</subfield><subfield code="q">bib</subfield><subfield code="t">non-US bib date1, date type m &gt;= 1927</subfield></datafield><datafield tag="974" ind1=" " ind2=" "><subfield code="b">UVA</subfield><subfield code="c">UVA</subfield><subfield code="d">20201210</subfield><subfield code="s">google</subfield><subfield code="u">uva.x001104607</subfield><subfield code="z">Bd.1</subfield><subfield code="y">1988</subfield><subfield code="r">ic</subfield><subfield code="q">bib</subfield><subfield code="t">non-US bib date1, date type m &gt;= 1927</subfield></datafield><datafield tag="974" ind1=" " ind2=" "><subfield code="b">INU</subfield><subfield code="c">INU</subfield><subfield code="d">20220312</subfield><subfield code="s">google</subfield><subfield code="u">inu.39000002046444</subfield><subfield code="z">v.10 pt.2</subfield><subfield code="y">1988</subfield><subfield code="r">ic</subfield><subfield code="q">bib</subfield><subfield code="t">non-US bib date1, date type m &gt;= 1927</subfield></datafield><datafield tag="974" ind1=" " ind2=" "><subfield code="b">INU</subfield><subfield code="c">INU</subfield><subfield code="d">20180520</subfield><subfield code="s">google</subfield><subfield code="u">inu.30000004159715</subfield><subfield code="z">v.9</subfield><subfield code="y">1988</subfield><subfield code="r">ic</subfield><subfield code="q">bib</subfield><subfield code="t">non-US bib date1, date type m &gt;= 1927</subfield></datafield><datafield tag="974" ind1=" " ind2=" "><subfield code="b">INU</subfield><subfield code="c">INU</subfield><subfield code="d">20220315</subfield><subfield code="s">google</subfield><subfield code="u">inu.39000003737462</subfield><subfield code="z">v.10 pt.1</subfield><subfield code="y">1988</subfield><subfield code="r">ic</subfield><subfield code="q">bib</subfield><subfield code="t">non-US bib date1, date type m &gt;= 1927</subfield></datafield><datafield tag="974" ind1=" " ind2=" "><subfield code="b">INU</subfield><subfield code="c">INU</subfield><subfield code="d">20220315</subfield><subfield code="s">google</subfield><subfield code="u">inu.39000005604801</subfield><subfield code="z">v.8</subfield><subfield code="y">1988</subfield><subfield code="r">ic</subfield><subfield code="q">bib</subfield><subfield code="t">non-US bib date1, date type m &gt;= 1927</subfield></datafield><datafield tag="974" ind1=" " ind2=" "><subfield code="b">INU</subfield><subfield code="c">INU</subfield><subfield code="d">20220315</subfield><subfield code="s">google</subfield><subfield code="u">inu.39000002509458</subfield><subfield code="z">v.7</subfield><subfield code="y">1988</subfield><subfield code="r">ic</subfield><subfield code="q">bib</subfield><subfield code="t">non-US bib date1, date type m &gt;= 1927</subfield></datafield><datafield tag="974" ind1=" " ind2=" "><subfield code="b">INU</subfield><subfield code="c">INU</subfield><subfield code="d">20220330</subfield><subfield code="s">google</subfield><subfield code="u">inu.39000000126339</subfield><subfield code="z">v.6</subfield><subfield code="y">1988</subfield><subfield code="r">ic</subfield><subfield code="q">bib</subfield><subfield code="t">non-US bib date1, date type m &gt;= 1927</subfield></datafield><datafield tag="974" ind1=" " ind2=" "><subfield code="b">INU</subfield><subfield code="c">INU</subfield><subfield code="d">20200607</subfield><subfield code="s">google</subfield><subfield code="u">inu.39000000126313</subfield><subfield code="z">v.4</subfield><subfield code="y">1988</subfield><subfield code="r">ic</subfield><subfield code="q">bib</subfield><subfield code="t">non-US bib date1, date type m &gt;= 1927</subfield></datafield><datafield tag="974" ind1=" " ind2=" "><subfield code="b">INU</subfield><subfield code="c">INU</subfield><subfield code="d">20220317</subfield><subfield code="s">google</subfield><subfield code="u">inu.39000000126289</subfield><subfield code="z">v.1</subfield><subfield code="y">1988</subfield><subfield code="r">ic</subfield><subfield code="q">bib</subfield><subfield code="t">non-US bib date1, date type m &gt;= 1927</subfield></datafield><datafield tag="974" ind1=" " ind2=" "><subfield code="b">INU</subfield><subfield code="c">INU</subfield><subfield code="d">20220330</subfield><subfield code="s">google</subfield><subfield code="u">inu.39000000126305</subfield><subfield code="z">v.3</subfield><subfield code="y">1988</subfield><subfield code="r">ic</subfield><subfield code="q">bib</subfield><subfield code="t">non-US bib date1, date type m &gt;= 1927</subfield></datafield><datafield tag="974" ind1=" " ind2=" "><subfield code="b">INU</subfield><subfield code="c">INU</subfield><subfield code="d">20190304</subfield><subfield code="s">google</subfield><subfield code="u">inu.30000064271319</subfield><subfield code="z">Index</subfield><subfield code="y">1988</subfield><subfield code="r">ic</subfield><subfield code="q">bib</subfield><subfield code="t">non-US bib date1, date type m &gt;= 1927</subfield></datafield><datafield tag="974" ind1=" " ind2=" "><subfield code="b">INU</subfield><subfield code="c">INU</subfield><subfield code="d">20200608</subfield><subfield code="s">google</subfield><subfield code="u">inu.39000003139073</subfield><subfield code="z">v.29</subfield><subfield code="y">1988</subfield><subfield code="r">ic</subfield><subfield code="q">bib</subfield><subfield code="t">non-US bib date1, date type m &gt;= 1927</subfield></datafield><datafield tag="974" ind1=" " ind2=" "><subfield code="b">INU</subfield><subfield code="c">INU</subfield><subfield code="d">20220421</subfield><subfield code="s">google</subfield><subfield code="u">inu.39000003113045</subfield><subfield code="z">v.30</subfield><subfield code="y">1988</subfield><subfield code="r">ic</subfield><subfield code="q">bib</subfield><subfield code="t">non-US bib date1, date type m &gt;= 1927</subfield></datafield><datafield tag="974" ind1=" " ind2=" "><subfield code="b">INU</subfield><subfield code="c">INU</subfield><subfield code="d">20220422</subfield><subfield code="s">google</subfield><subfield code="u">inu.39000005542415</subfield><subfield code="z">v.27</subfield><subfield code="y">1988</subfield><subfield code="r">ic</subfield><subfield code="q">bib</subfield><subfield code="t">non-US bib date1, date type m &gt;= 1927</subfield></datafield><datafield tag="974" ind1=" " ind2=" "><subfield code="b">INU</subfield><subfield code="c">INU</subfield><subfield code="d">20220421</subfield><subfield code="s">google</subfield><subfield code="u">inu.39000003464208</subfield><subfield code="z">v.28</subfield><subfield code="y">1988</subfield><subfield code="r">ic</subfield><subfield code="q">bib</subfield><subfield code="t">non-US bib date1, date type m &gt;= 1927</subfield></datafield><datafield tag="974" ind1=" " ind2=" "><subfield code="b">INU</subfield><subfield code="c">INU</subfield><subfield code="d">20200608</subfield><subfield code="s">google</subfield><subfield code="u">inu.39000001397566</subfield><subfield code="z">v.26</subfield><subfield code="y">1988</subfield><subfield code="r">ic</subfield><subfield code="q">bib</subfield><subfield code="t">non-US bib date1, date type m &gt;= 1927</subfield></datafield><datafield tag="974" ind1=" " ind2=" "><subfield code="b">INU</subfield><subfield code="c">INU</subfield><subfield code="d">20190306</subfield><subfield code="s">google</subfield><subfield code="u">inu.39000004255407</subfield><subfield code="z">v.23</subfield><subfield code="y">1988</subfield><subfield code="r">ic</subfield><subfield code="q">bib</subfield><subfield code="t">non-US bib date1, date type m &gt;= 1927</subfield></datafield><datafield tag="974" ind1=" " ind2=" "><subfield code="b">INU</subfield><subfield code="c">INU</subfield><subfield code="d">20190304</subfield><subfield code="s">google</subfield><subfield code="u">inu.39000013251330</subfield><subfield code="z">v.24</subfield><subfield code="y">1988</subfield><subfield code="r">ic</subfield><subfield code="q">bib</subfield><subfield code="t">non-US bib date1, date type m &gt;= 1927</subfield></datafield><datafield tag="974" ind1=" " ind2=" "><subfield code="b">INU</subfield><subfield code="c">INU</subfield><subfield code="d">20200608</subfield><subfield code="s">google</subfield><subfield code="u">inu.39000006030626</subfield><subfield code="z">v.25</subfield><subfield code="y">1988</subfield><subfield code="r">ic</subfield><subfield code="q">bib</subfield><subfield code="t">non-US bib date1, date type m &gt;= 1927</subfield></datafield><datafield tag="974" ind1=" " ind2=" "><subfield code="b">INU</subfield><subfield code="c">INU</subfield><subfield code="d">20220312</subfield><subfield code="s">google</subfield><subfield code="u">inu.39000002168545</subfield><subfield code="z">v.22 pt.2</subfield><subfield code="y">1988</subfield><subfield code="r">ic</subfield><subfield code="q">bib</subfield><subfield code="t">non-US bib date1, date type m &gt;= 1927</subfield></datafield><datafield tag="974" ind1=" " ind2=" "><subfield code="b">INU</subfield><subfield code="c">INU</subfield><subfield code="d">20190305</subfield><subfield code="s">google</subfield><subfield code="u">inu.39000013387712</subfield><subfield code="z">v.21</subfield><subfield code="y">1988</subfield><subfield code="r">ic</subfield><subfield code="q">bib</subfield><subfield code="t">non-US bib date1, date type m &gt;= 1927</subfield></datafield><datafield tag="974" ind1=" " ind2=" "><subfield code="b">INU</subfield><subfield code="c">INU</subfield><subfield code="d">20190304</subfield><subfield code="s">google</subfield><subfield code="u">inu.39000002554983</subfield><subfield code="z">v.22 pt.1</subfield><subfield code="y">1988</subfield><subfield code="r">ic</subfield><subfield code="q">bib</subfield><subfield code="t">non-US bib date1, date type m &gt;= 1927</subfield></datafield><datafield tag="974" ind1=" " ind2=" "><subfield code="b">INU</subfield><subfield code="c">INU</subfield><subfield code="d">20220315</subfield><subfield code="s">google</subfield><subfield code="u">inu.39000000835137</subfield><subfield code="z">v.20</subfield><subfield code="y">1988</subfield><subfield code="r">ic</subfield><subfield code="q">bib</subfield><subfield code="t">non-US bib date1, date type m &gt;= 1927</subfield></datafield><datafield tag="974" ind1=" " ind2=" "><subfield code="b">INU</subfield><subfield code="c">INU</subfield><subfield code="d">20200607</subfield><subfield code="s">google</subfield><subfield code="u">inu.39000001139497</subfield><subfield code="z">v.19</subfield><subfield code="y">1988</subfield><subfield code="r">ic</subfield><subfield code="q">bib</subfield><subfield code="t">non-US bib date1, date type m &gt;= 1927</subfield></datafield><datafield tag="974" ind1=" " ind2=" "><subfield code="b">INU</subfield><subfield code="c">INU</subfield><subfield code="d">20220422</subfield><subfield code="s">google</subfield><subfield code="u">inu.39000000126362</subfield><subfield code="z">v.17</subfield><subfield code="y">1988</subfield><subfield code="r">ic</subfield><subfield code="q">bib</subfield><subfield code="t">non-US bib date1, date type m &gt;= 1927</subfield></datafield><datafield tag="974" ind1=" " ind2=" "><subfield code="b">INU</subfield><subfield code="c">INU</subfield><subfield code="d">20190304</subfield><subfield code="s">google</subfield><subfield code="u">inu.39000005720177</subfield><subfield code="z">v.18</subfield><subfield code="y">1988</subfield><subfield code="r">ic</subfield><subfield code="q">bib</subfield><subfield code="t">non-US bib date1, date type m &gt;= 1927</subfield></datafield><datafield tag="974" ind1=" " ind2=" "><subfield code="b">INU</subfield><subfield code="c">INU</subfield><subfield code="d">20190304</subfield><subfield code="s">google</subfield><subfield code="u">inu.39000003605875</subfield><subfield code="z">v.15</subfield><subfield code="y">1988</subfield><subfield code="r">ic</subfield><subfield code="q">bib</subfield><subfield code="t">non-US bib date1, date type m &gt;= 1927</subfield></datafield><datafield tag="974" ind1=" " ind2=" "><subfield code="b">INU</subfield><subfield code="c">INU</subfield><subfield code="d">20220317</subfield><subfield code="s">google</subfield><subfield code="u">inu.30000000227821</subfield><subfield code="z">v.16</subfield><subfield code="y">1988</subfield><subfield code="r">ic</subfield><subfield code="q">bib</subfield><subfield code="t">non-US bib date1, date type m &gt;= 1927</subfield></datafield><datafield tag="974" ind1=" " ind2=" "><subfield code="b">INU</subfield><subfield code="c">INU</subfield><subfield code="d">20190304</subfield><subfield code="s">google</subfield><subfield code="u">inu.39000001583629</subfield><subfield code="z">v.13</subfield><subfield code="y">1988</subfield><subfield code="r">ic</subfield><subfield code="q">bib</subfield><subfield code="t">non-US bib date1, date type m &gt;= 1927</subfield></datafield><datafield tag="974" ind1=" " ind2=" "><subfield code="b">INU</subfield><subfield code="c">INU</subfield><subfield code="d">20190304</subfield><subfield code="s">google</subfield><subfield code="u">inu.39000004078130</subfield><subfield code="z">v.14</subfield><subfield code="y">1988</subfield><subfield code="r">ic</subfield><subfield code="q">bib</subfield><subfield code="t">non-US bib date1, date type m &gt;= 1927</subfield></datafield><datafield tag="974" ind1=" " ind2=" "><subfield code="b">INU</subfield><subfield code="c">INU</subfield><subfield code="d">20190304</subfield><subfield code="s">google</subfield><subfield code="u">inu.39000000126347</subfield><subfield code="z">v.11</subfield><subfield code="y">1988</subfield><subfield code="r">ic</subfield><subfield code="q">bib</subfield><subfield code="t">non-US bib date1, date type m &gt;= 1927</subfield></datafield><datafield tag="974" ind1=" " ind2=" "><subfield code="b">INU</subfield><subfield code="c">INU</subfield><subfield code="d">20180601</subfield><subfield code="s">google</subfield><subfield code="u">inu.39000000126354</subfield><subfield code="z">v.12</subfield><subfield code="y">1988</subfield><subfield code="r">ic</subfield><subfield code="q">bib</subfield><subfield code="t">non-US bib date1, date type m &gt;= 1927</subfield></datafield><datafield tag="974" ind1=" " ind2=" "><subfield code="b">MIU</subfield><subfield code="c">MIU</subfield><subfield code="d">20210908</subfield><subfield code="s">google</subfield><subfield code="u">mdp.39015013927879</subfield><subfield code="z">v.1</subfield><subfield code="y">1988</subfield><subfield code="r">ic</subfield><subfield code="q">bib</subfield><subfield code="t">non-US bib date1, date type m &gt;= 1927</subfield></datafield><datafield tag="974" ind1=" " ind2=" "><subfield code="b">MIU</subfield><subfield code="c">MIU</subfield><subfield code="d">20210911</subfield><subfield code="s">google</subfield><subfield code="u">mdp.39015014327855</subfield><subfield code="z">v.2</subfield><subfield code="y">1988</subfield><subfield code="r">ic</subfield><subfield code="q">bib</subfield><subfield code="t">non-US bib date1, date type m &gt;= 1927</subfield></datafield><datafield tag="974" ind1=" " ind2=" "><subfield code="b">MIU</subfield><subfield code="c">MIU</subfield><subfield code="d">20210908</subfield><subfield code="s">google</subfield><subfield code="u">mdp.39015012438613</subfield><subfield code="z">v.3</subfield><subfield code="y">1988</subfield><subfield code="r">ic</subfield><subfield code="q">bib</subfield><subfield code="t">non-US bib date1, date type m &gt;= 1927</subfield></datafield><datafield tag="974" ind1=" " ind2=" "><subfield code="b">MIU</subfield><subfield code="c">MIU</subfield><subfield code="d">20210921</subfield><subfield code="s">google</subfield><subfield code="u">mdp.39015012425230</subfield><subfield code="z">v.4</subfield><subfield code="y">1988</subfield><subfield code="r">ic</subfield><subfield code="q">bib</subfield><subfield code="t">non-US bib date1, date type m &gt;= 1927</subfield></datafield><datafield tag="974" ind1=" " ind2=" "><subfield code="b">MIU</subfield><subfield code="c">MIU</subfield><subfield code="d">20210911</subfield><subfield code="s">google</subfield><subfield code="u">mdp.39015013294338</subfield><subfield code="z">v.5</subfield><subfield code="y">1988</subfield><subfield code="r">ic</subfield><subfield code="q">bib</subfield><subfield code="t">non-US bib date1, date type m &gt;= 1927</subfield></datafield><datafield tag="974" ind1=" " ind2=" "><subfield code="b">MIU</subfield><subfield code="c">MIU</subfield><subfield code="d">20211125</subfield><subfield code="s">google</subfield><subfield code="u">mdp.39015015183695</subfield><subfield code="z">v.6</subfield><subfield code="y">1988</subfield><subfield code="r">ic</subfield><subfield code="q">bib</subfield><subfield code="t">non-US bib date1, date type m &gt;= 1927</subfield></datafield><datafield tag="974" ind1=" " ind2=" "><subfield code="b">MIU</subfield><subfield code="c">MIU</subfield><subfield code="d">20210921</subfield><subfield code="s">google</subfield><subfield code="u">mdp.39015021458503</subfield><subfield code="z">v.7</subfield><subfield code="y">1988</subfield><subfield code="r">ic</subfield><subfield code="q">bib</subfield><subfield code="t">non-US bib date1, date type m &gt;= 1927</subfield></datafield><datafield tag="974" ind1=" " ind2=" "><subfield code="b">MIU</subfield><subfield code="c">MIU</subfield><subfield code="d">20210911</subfield><subfield code="s">google</subfield><subfield code="u">mdp.39015020823095</subfield><subfield code="z">v.8</subfield><subfield code="y">1988</subfield><subfield code="r">ic</subfield><subfield code="q">bib</subfield><subfield code="t">non-US bib date1, date type m &gt;= 1927</subfield></datafield><datafield tag="974" ind1=" " ind2=" "><subfield code="b">MIU</subfield><subfield code="c">MIU</subfield><subfield code="d">20210921</subfield><subfield code="s">google</subfield><subfield code="u">mdp.39015021573129</subfield><subfield code="z">v.9</subfield><subfield code="y">1988</subfield><subfield code="r">ic</subfield><subfield code="q">bib</subfield><subfield code="t">non-US bib date1, date type m &gt;= 1927</subfield></datafield><datafield tag="974" ind1=" " ind2=" "><subfield code="b">MIU</subfield><subfield code="c">MIU</subfield><subfield code="d">20210921</subfield><subfield code="s">google</subfield><subfield code="u">mdp.39015024855564</subfield><subfield code="z">v.11</subfield><subfield code="y">1988</subfield><subfield code="r">ic</subfield><subfield code="q">bib</subfield><subfield code="t">non-US bib date1, date type m &gt;= 1927</subfield></datafield><datafield tag="974" ind1=" " ind2=" "><subfield code="b">MIU</subfield><subfield code="c">MIU</subfield><subfield code="d">20210925</subfield><subfield code="s">google</subfield><subfield code="u">mdp.39015024855572</subfield><subfield code="z">v.12</subfield><subfield code="y">1988</subfield><subfield code="r">ic</subfield><subfield code="q">bib</subfield><subfield code="t">non-US bib date1, date type m &gt;= 1927</subfield></datafield><datafield tag="974" ind1=" " ind2=" "><subfield code="b">MIU</subfield><subfield code="c">MIU</subfield><subfield code="d">20210912</subfield><subfield code="s">google</subfield><subfield code="u">mdp.39015020816867</subfield><subfield code="z">v.13</subfield><subfield code="y">1988</subfield><subfield code="r">ic</subfield><subfield code="q">bib</subfield><subfield code="t">non-US bib date1, date type m &gt;= 1927</subfield></datafield><datafield tag="974" ind1=" " ind2=" "><subfield code="b">MIU</subfield><subfield code="c">MIU</subfield><subfield code="d">20210921</subfield><subfield code="s">google</subfield><subfield code="u">mdp.39015020816875</subfield><subfield code="z">v.14</subfield><subfield code="y">1988</subfield><subfield code="r">ic</subfield><subfield code="q">bib</subfield><subfield code="t">non-US bib date1, date type m &gt;= 1927</subfield></datafield><datafield tag="974" ind1=" " ind2=" "><subfield code="b">MIU</subfield><subfield code="c">MIU</subfield><subfield code="d">20210921</subfield><subfield code="s">google</subfield><subfield code="u">mdp.39015020817030</subfield><subfield code="z">v.15</subfield><subfield code="y">1988</subfield><subfield code="r">ic</subfield><subfield code="q">bib</subfield><subfield code="t">non-US bib date1, date type m &gt;= 1927</subfield></datafield><datafield tag="974" ind1=" " ind2=" "><subfield code="b">MIU</subfield><subfield code="c">MIU</subfield><subfield code="d">20210911</subfield><subfield code="s">google</subfield><subfield code="u">mdp.39015015176558</subfield><subfield code="z">v.16</subfield><subfield code="y">1988</subfield><subfield code="r">ic</subfield><subfield code="q">bib</subfield><subfield code="t">non-US bib date1, date type m &gt;= 1927</subfield></datafield><datafield tag="974" ind1=" " ind2=" "><subfield code="b">MIU</subfield><subfield code="c">MIU</subfield><subfield code="d">20210912</subfield><subfield code="s">google</subfield><subfield code="u">mdp.39015015183703</subfield><subfield code="z">v.17</subfield><subfield code="y">1988</subfield><subfield code="r">ic</subfield><subfield code="q">bib</subfield><subfield code="t">non-US bib date1, date type m &gt;= 1927</subfield></datafield><datafield tag="974" ind1=" " ind2=" "><subfield code="b">MIU</subfield><subfield code="c">MIU</subfield><subfield code="d">20210920</subfield><subfield code="s">google</subfield><subfield code="u">mdp.39015031713350</subfield><subfield code="z">v.18</subfield><subfield code="y">1988</subfield><subfield code="r">ic</subfield><subfield code="q">bib</subfield><subfield code="t">non-US bib date1, date type m &gt;= 1927</subfield></datafield><datafield tag="974" ind1=" " ind2=" "><subfield code="b">MIU</subfield><subfield code="c">MIU</subfield><subfield code="d">20210911</subfield><subfield code="s">google</subfield><subfield code="u">mdp.39015021532828</subfield><subfield code="z">v.21</subfield><subfield code="y">1988</subfield><subfield code="r">ic</subfield><subfield code="q">bib</subfield><subfield code="t">non-US bib date1, date type m &gt;= 1927</subfield></datafield><datafield tag="974" ind1=" " ind2=" "><subfield code="b">MIU</subfield><subfield code="c">MIU</subfield><subfield code="d">20210920</subfield><subfield code="s">google</subfield><subfield code="u">mdp.39015026813660</subfield><subfield code="z">v.22 pt.1</subfield><subfield code="y">1988</subfield><subfield code="r">ic</subfield><subfield code="q">bib</subfield><subfield code="t">non-US bib date1, date type m &gt;= 1927</subfield></datafield><datafield tag="974" ind1=" " ind2=" "><subfield code="b">MIU</subfield><subfield code="c">MIU</subfield><subfield code="d">20210920</subfield><subfield code="s">google</subfield><subfield code="u">mdp.39015026813678</subfield><subfield code="z">v.22 pt.2</subfield><subfield code="y">1988</subfield><subfield code="r">ic</subfield><subfield code="q">bib</subfield><subfield code="t">non-US bib date1, date type m &gt;= 1927</subfield></datafield><datafield tag="974" ind1=" " ind2=" "><subfield code="b">MIU</subfield><subfield code="c">MIU</subfield><subfield code="d">20210912</subfield><subfield code="s">google</subfield><subfield code="u">mdp.39015026813686</subfield><subfield code="z">v.23</subfield><subfield code="y">1988</subfield><subfield code="r">ic</subfield><subfield code="q">bib</subfield><subfield code="t">non-US bib date1, date type m &gt;= 1927</subfield></datafield><datafield tag="974" ind1=" " ind2=" "><subfield code="b">MIU</subfield><subfield code="c">MIU</subfield><subfield code="d">20210912</subfield><subfield code="s">google</subfield><subfield code="u">mdp.39015021520435</subfield><subfield code="z">v.24</subfield><subfield code="y">1988</subfield><subfield code="r">ic</subfield><subfield code="q">bib</subfield><subfield code="t">non-US bib date1, date type m &gt;= 1927</subfield></datafield><datafield tag="974" ind1=" " ind2=" "><subfield code="b">MIU</subfield><subfield code="c">MIU</subfield><subfield code="d">20210925</subfield><subfield code="s">google</subfield><subfield code="u">mdp.39015026876188</subfield><subfield code="z">v.25</subfield><subfield code="y">1988</subfield><subfield code="r">ic</subfield><subfield code="q">bib</subfield><subfield code="t">non-US bib date1, date type m &gt;= 1927</subfield></datafield><datafield tag="974" ind1=" " ind2=" "><subfield code="b">MIU</subfield><subfield code="c">MIU</subfield><subfield code="d">20210921</subfield><subfield code="s">google</subfield><subfield code="u">mdp.39015031814927</subfield><subfield code="z">v.26</subfield><subfield code="y">1988</subfield><subfield code="r">ic</subfield><subfield code="q">bib</subfield><subfield code="t">non-US bib date1, date type m &gt;= 1927</subfield></datafield><datafield tag="974" ind1=" " ind2=" "><subfield code="b">MIU</subfield><subfield code="c">MIU</subfield><subfield code="d">20210925</subfield><subfield code="s">google</subfield><subfield code="u">mdp.39015031761383</subfield><subfield code="z">v.27</subfield><subfield code="y">1988</subfield><subfield code="r">ic</subfield><subfield code="q">bib</subfield><subfield code="t">non-US bib date1, date type m &gt;= 1927</subfield></datafield><datafield tag="974" ind1=" " ind2=" "><subfield code="b">MIU</subfield><subfield code="c">MIU</subfield><subfield code="d">20210912</subfield><subfield code="s">google</subfield><subfield code="u">mdp.39015036092644</subfield><subfield code="z">v.10 pt.1</subfield><subfield code="y">1988</subfield><subfield code="r">ic</subfield><subfield code="q">bib</subfield><subfield code="t">non-US bib date1, date type m &gt;= 1927</subfield></datafield><datafield tag="974" ind1=" " ind2=" "><subfield code="b">MIU</subfield><subfield code="c">MIU</subfield><subfield code="d">20210925</subfield><subfield code="s">google</subfield><subfield code="u">mdp.39015036092651</subfield><subfield code="z">v.10 pt.2</subfield><subfield code="y">1988</subfield><subfield code="r">ic</subfield><subfield code="q">bib</subfield><subfield code="t">non-US bib date1, date type m &gt;= 1927</subfield></datafield><datafield tag="974" ind1=" " ind2=" "><subfield code="b">MIU</subfield><subfield code="c">MIU</subfield><subfield code="d">20211125</subfield><subfield code="s">google</subfield><subfield code="u">mdp.39015039077857</subfield><subfield code="z">v.19</subfield><subfield code="y">1988</subfield><subfield code="r">ic</subfield><subfield code="q">bib</subfield><subfield code="t">non-US bib date1, date type m &gt;= 1927</subfield></datafield><datafield tag="974" ind1=" " ind2=" "><subfield code="b">MIU</subfield><subfield code="c">MIU</subfield><subfield code="d">20210912</subfield><subfield code="s">google</subfield><subfield code="u">mdp.39015039077865</subfield><subfield code="z">v.20</subfield><subfield code="y">1988</subfield><subfield code="r">ic</subfield><subfield code="q">bib</subfield><subfield code="t">non-US bib date1, date type m &gt;= 1927</subfield></datafield><datafield tag="974" ind1=" " ind2=" "><subfield code="b">MIU</subfield><subfield code="c">MIU</subfield><subfield code="d">20210908</subfield><subfield code="s">google</subfield><subfield code="u">mdp.39015039892834</subfield><subfield code="z">v.28</subfield><subfield code="y">1988</subfield><subfield code="r">ic</subfield><subfield code="q">bib</subfield><subfield code="t">non-US bib date1, date type m &gt;= 1927</subfield></datafield><datafield tag="974" ind1=" " ind2=" "><subfield code="b">MIU</subfield><subfield code="c">MIU</subfield><subfield code="d">20210912</subfield><subfield code="s">google</subfield><subfield code="u">mdp.39015039892842</subfield><subfield code="z">v.29</subfield><subfield code="y">1988</subfield><subfield code="r">ic</subfield><subfield code="q">bib</subfield><subfield code="t">non-US bib date1, date type m &gt;= 1927</subfield></datafield><datafield tag="974" ind1=" " ind2=" "><subfield code="b">MIU</subfield><subfield code="c">MIU</subfield><subfield code="d">20210911</subfield><subfield code="s">google</subfield><subfield code="u">mdp.39015039892859</subfield><subfield code="z">v.30</subfield><subfield code="y">1988</subfield><subfield code="r">ic</subfield><subfield code="q">bib</subfield><subfield code="t">non-US bib date1, date type m &gt;= 1927</subfield></datafield><datafield tag="974" ind1=" " ind2=" "><subfield code="b">MIU</subfield><subfield code="c">MIU</subfield><subfield code="d">20211008</subfield><subfield code="s">google</subfield><subfield code="u">mdp.39015050045890</subfield><subfield code="z">Index</subfield><subfield code="y">1988</subfield><subfield code="r">ic</subfield><subfield code="q">bib</subfield><subfield code="t">non-US bib date1, date type m &gt;= 1927</subfield></datafield></record>